@Misc{Test0,
  author =    {Mr. A},
  title =     {Test Zero},
}

@Misc{Test1,
  author =    {Mr. B},
  title =     {Test One},
}

@Misc{Test2,
  author =    {Mr. C},
  title =     {Test Two},
}

@Misc{Test3,
  author =    {Mr. D},
  title =     {Test Three},
}
