@Misc{Test1,
  author =    {Author One},
  title =     {Title1},
  year = 2001
}
@Misc{Test2,
  author =    {Author Two},
  title =     {Title2},
  year = 2002
}
