@ARTICLE{buskirk2019,
       author = {{Buskirk}, Dillon and {Babiuc-Hamilton}, Maria C.},
        title = "{A complete analytic gravitational wave model for undergraduates}",
      journal = {European Journal of Physics},
     keywords = {gravitational waves, GW150914, post-Newtonian, undergraduate research, General Relativity and Quantum Cosmology},
         year = 2019,
        month = mar,
       volume = {40},
       number = {2},
        pages = {025603},
          doi = {10.1088/1361-6404/aaf81e},
archivePrefix = {arXiv},
       eprint = {1810.06160},
 primaryClass = {gr-qc},
       adsurl = {https://ui.adsabs.harvard.edu/abs/2019EJPh...40b5603B},
      adsnote = {Provided by the SAO/NASA Astrophysics Data System}
}

@ARTICLE{huerta2017,
       author = {{Huerta}, E.~A. and {Kumar}, Prayush and {Agarwal}, Bhanu and
         {George}, Daniel and {Schive}, Hsi-Yu and {Pfeiffer}, Harald P. and
         {Haas}, Roland and {Ren}, Wei and {Chu}, Tony and {Boyle}, Michael and
         {Hemberger}, Daniel A. and {Kidder}, Lawrence E. and {Scheel}, Mark A. and
         {Szilagyi}, Bela},
        title = "{Complete waveform model for compact binaries on eccentric orbits}",
      journal = {Phys. Rev. D},
     keywords = {General Relativity and Quantum Cosmology, Astrophysics - Astrophysics of Galaxies, Astrophysics - High Energy Astrophysical Phenomena, J.2},
         year = 2017,
        month = jan,
       volume = {95},
       number = {2},
          eid = {024038},
        pages = {024038},
          doi = {10.1103/PhysRevD.95.024038},
archivePrefix = {arXiv},
       eprint = {1609.05933},
 primaryClass = {gr-qc},
       adsurl = {https://ui.adsabs.harvard.edu/abs/2017PhRvD..95b4038H},
      adsnote = {Provided by the SAO/NASA Astrophysics Data System}
}

@ARTICLE{barrett2018,
       author = {{Barrett}, Jim W. and {Gaebel}, Sebastian M. and
         {Neijssel}, Coenraad J. and {Vigna-G{\'o}mez}, Alejandro and
         {Stevenson}, Simon and {Berry}, Christopher P.~L. and {Farr}, Will M. and
         {Mandel}, Ilya},
        title = "{Accuracy of inference on the physics of binary evolution from gravitational-wave observations}",
      journal = {MNRAS},
     keywords = {black hole physics, gravitational waves, stars: black holes, stars: evolution, Astrophysics - High Energy Astrophysical Phenomena, Astrophysics - Solar and Stellar Astrophysics, Physics - Data Analysis, Statistics and Probability},
         year = 2018,
        month = jul,
       volume = {477},
       number = {4},
        pages = {4685-4695},
          doi = {10.1093/mnras/sty908},
archivePrefix = {arXiv},
       eprint = {1711.06287},
 primaryClass = {astro-ph.HE},
       adsurl = {https://ui.adsabs.harvard.edu/abs/2018MNRAS.477.4685B},
      adsnote = {Provided by the SAO/NASA Astrophysics Data System}
}

@ARTICLE{findchirp,
       author = {{Allen}, Bruce and {Anderson}, Warren G. and {Brady}, Patrick R. and
         {Brown}, Duncan A. and {Creighton}, Jolien D.~E.},
        title = "{FINDCHIRP: An algorithm for detection of gravitational waves from inspiraling compact binaries}",
      journal = {Phys. Rev. D},
     keywords = {06.20.Dk, 04.80.Nn, Measurement and error theory, Gravitational wave detectors and experiments, General Relativity and Quantum Cosmology},
         year = 2012,
        month = jun,
       volume = {85},
       number = {12},
          eid = {122006},
        pages = {122006},
          doi = {10.1103/PhysRevD.85.122006},
archivePrefix = {arXiv},
       eprint = {gr-qc/0509116},
 primaryClass = {gr-qc},
       adsurl = {https://ui.adsabs.harvard.edu/abs/2012PhRvD..85l2006A},
      adsnote = {Provided by the SAO/NASA Astrophysics Data System}
}

@ARTICLE{bpass1,
       author = {{Eldridge}, J.~J. and {Stanway}, E.~R. and {Xiao}, L. and {McClelland
        }, L.~A.~S. and {Taylor}, G. and {Ng}, M. and {Greis}, S.~M.~L. and
         {Bray}, J.~C.},
        title = "{Binary Population and Spectral Synthesis Version 2.1: Construction, observational verification, and new results}",
      journal = {Publ. Astron. Soc. Aust.},
     keywords = {binaries: general, galaxies: evolution, galaxies: stellar content, methods: numerical, stars: evolution, stars: statistics, Astrophysics - Solar and Stellar Astrophysics, Astrophysics - Astrophysics of Galaxies},
         year = 2017,
        month = nov,
       volume = {34},
          eid = {e058},
        pages = {e058},
          doi = {10.1017/pasa.2017.51},
archivePrefix = {arXiv},
       eprint = {1710.02154},
 primaryClass = {astro-ph.SR},
       adsurl = {https://ui.adsabs.harvard.edu/abs/2017PASA...34...58E},
      adsnote = {Provided by the SAO/NASA Astrophysics Data System}
}

@ARTICLE{bpass2,
       author = {{Stanway}, E.~R. and {Eldridge}, J.~J.},
        title = "{Re-evaluating old stellar populations}",
      journal = {MNRAS},
     keywords = {methods: numerical, binaries: general, galaxies: stellar content, globular clusters: general, Astrophysics - Astrophysics of Galaxies, Astrophysics - Solar and Stellar Astrophysics},
         year = 2018,
        month = sep,
       volume = {479},
       number = {1},
        pages = {75-93},
          doi = {10.1093/mnras/sty1353},
archivePrefix = {arXiv},
       eprint = {1805.08784},
 primaryClass = {astro-ph.GA},
       adsurl = {https://ui.adsabs.harvard.edu/abs/2018MNRAS.479...75S},
      adsnote = {Provided by the SAO/NASA Astrophysics Data System}
}

@ARTICLE{hoki,
       author = {{Stevance}, Heloise F. and {Eldridge}, J.~J. and {Stanway}, Elizabeth R.},
        title = "{Hoki: Making BPASS accessible through Python}",
      journal = {The Journal of Open Source Software},
     keywords = {Python, galaxies, Batchfile, SED, astronomy, binary stars, Astrophysics - Solar and Stellar Astrophysics, Astrophysics - Astrophysics of Galaxies, Astrophysics - Instrumentation and Methods for Astrophysics},
         year = 2020,
        month = jan,
       volume = {5},
       number = {45},
          eid = {1987},
        pages = {1987},
          doi = {10.21105/joss.01987},
archivePrefix = {arXiv},
       eprint = {2001.11069},
 primaryClass = {astro-ph.SR},
       adsurl = {https://ui.adsabs.harvard.edu/abs/2020JOSS....5.1987S},
      adsnote = {Provided by the SAO/NASA Astrophysics Data System}
}

@ARTICLE{gw150914discovery,
       author = {{Abbott}, B.~P. and {Abbott}, R. and {Abbott}, T.~D. and {Abernathy}, M.~R. and {Acernese}, F. and {Ackley}, K. and {Adams}, C. and {Adams}, T. and {Addesso}, P. and {Adhikari}, R.~X. and {Adya}, V.~B. and {Affeldt}, C. and {Agathos}, M. and {Agatsuma}, K. and {Aggarwal}, N. and {Aguiar}, O.~D. and {Aiello}, L. and {Ain}, A. and {Ajith}, P. and {Allen}, B. and {Allocca}, A. and {Altin}, P.~A. and {Anderson}, S.~B. and {Anderson}, W.~G. and {Arai}, K. and {Arain}, M.~A. and {Araya}, M.~C. and {Arceneaux}, C.~C. and {Areeda}, J.~S. and {Arnaud}, N. and {Arun}, K.~G. and {Ascenzi}, S. and {Ashton}, G. and {Ast}, M. and {Aston}, S.~M. and {Astone}, P. and {Aufmuth}, P. and {Aulbert}, C. and {Babak}, S. and {Bacon}, P. and {Bader}, M.~K.~M. and {Baker}, P.~T. and {Baldaccini}, F. and {Ballardin}, G. and {Ballmer}, S.~W. and {Barayoga}, J.~C. and {Barclay}, S.~E. and {Barish}, B.~C. and {Barker}, D. and {Barone}, F. and {Barr}, B. and {Barsotti}, L. and {Barsuglia}, M. and {Barta}, D. and {Bartlett}, J. and {Barton}, M.~A. and {Bartos}, I. and {Bassiri}, R. and {Basti}, A. and {Batch}, J.~C. and {Baune}, C. and {Bavigadda}, V. and {Bazzan}, M. and {Behnke}, B. and {Bejger}, M. and {Belczynski}, C. and {Bell}, A.~S. and {Bell}, C.~J. and {Berger}, B.~K. and {Bergman}, J. and {Bergmann}, G. and {Berry}, C.~P.~L. and {Bersanetti}, D. and {Bertolini}, A. and {Betzwieser}, J. and {Bhagwat}, S. and {Bhandare}, R. and {Bilenko}, I.~A. and {Billingsley}, G. and {Birch}, J. and {Birney}, R. and {Birnholtz}, O. and {Biscans}, S. and {Bisht}, A. and {Bitossi}, M. and {Biwer}, C. and {Bizouard}, M.~A. and {Blackburn}, J.~K. and {Blair}, C.~D. and {Blair}, D.~G. and {Blair}, R.~M. and {Bloemen}, S. and {Bock}, O. and {Bodiya}, T.~P. and {Boer}, M. and {Bogaert}, G. and {Bogan}, C. and {Bohe}, A. and {Bojtos}, P. and {Bond}, C. and {Bondu}, F. and {Bonnand}, R. and {Boom}, B.~A. and {Bork}, R. and {Boschi}, V. and {Bose}, S. and {Bouffanais}, Y. and {Bozzi}, A. and {Bradaschia}, C. and {Brady}, P.~R. and {Braginsky}, V.~B. and {Branchesi}, M. and {Brau}, J.~E. and {Briant}, T. and {Brillet}, A. and {Brinkmann}, M. and {Brisson}, V. and {Brockill}, P. and {Brooks}, A.~F. and {Brown}, D.~A. and {Brown}, D.~D. and {Brown}, N.~M. and {Buchanan}, C.~C. and {Buikema}, A. and {Bulik}, T. and {Bulten}, H.~J. and {Buonanno}, A. and {Buskulic}, D. and {Buy}, C. and {Byer}, R.~L. and {Cabero}, M. and {Cadonati}, L. and {Cagnoli}, G. and {Cahillane}, C. and {Bustillo}, J. Calder{\'o}n and {Callister}, T. and {Calloni}, E. and {Camp}, J.~B. and {Cannon}, K.~C. and {Cao}, J. and {Capano}, C.~D. and {Capocasa}, E. and {Carbognani}, F. and {Caride}, S. and {Casanueva Diaz}, J. and {Casentini}, C. and {Caudill}, S. and {Cavagli{\`a}}, M. and {Cavalier}, F. and {Cavalieri}, R. and {Cella}, G. and {Cepeda}, C.~B. and {Baiardi}, L. Cerboni and {Cerretani}, G. and {Cesarini}, E. and {Chakraborty}, R. and {Chalermsongsak}, T. and {Chamberlin}, S.~J. and {Chan}, M. and {Chao}, S. and {Charlton}, P. and {Chassande-Mottin}, E. and {Chen}, H.~Y. and {Chen}, Y. and {Cheng}, C. and {Chincarini}, A. and {Chiummo}, A. and {Cho}, H.~S. and {Cho}, M. and {Chow}, J.~H. and {Christensen}, N. and {Chu}, Q. and {Chua}, S. and {Chung}, S. and {Ciani}, G. and {Clara}, F. and {Clark}, J.~A. and {Cleva}, F. and {Coccia}, E. and {Cohadon}, P. -F. and {Colla}, A. and {Collette}, C.~G. and {Cominsky}, L. and {Constancio}, M. and {Conte}, A. and {Conti}, L. and {Cook}, D. and {Corbitt}, T.~R. and {Cornish}, N. and {Corsi}, A. and {Cortese}, S. and {Costa}, C.~A. and {Coughlin}, M.~W. and {Coughlin}, S.~B. and {Coulon}, J. -P. and {Countryman}, S.~T. and {Couvares}, P. and {Cowan}, E.~E. and {Coward}, D.~M. and {Cowart}, M.~J. and {Coyne}, D.~C. and {Coyne}, R. and {Craig}, K. and {Creighton}, J.~D.~E. and {Creighton}, T.~D. and {Cripe}, J. and {Crowder}, S.~G. and {Cruise}, A.~M. and {Cumming}, A. and {Cunningham}, L. and {Cuoco}, E. and {Dal Canton}, T. and {Danilishin}, S.~L. and {D'Antonio}, S. and {Danzmann}, K. and {Darman}, N.~S. and {Da Silva Costa}, C.~F. and {Dattilo}, V. and {Dave}, I. and {Daveloza}, H.~P. and {Davier}, M. and {Davies}, G.~S. and {Daw}, E.~J. and {Day}, R. and {De}, S. and {DeBra}, D. and {Debreczeni}, G. and {Degallaix}, J. and {De Laurentis}, M. and {Del{\'e}glise}, S. and {Del Pozzo}, W. and {Denker}, T. and {Dent}, T. and {Dereli}, H. and {Dergachev}, V. and {DeRosa}, R.~T. and {De Rosa}, R. and {DeSalvo}, R. and {Dhurandhar}, S. and {D{\'\i}az}, M.~C. and {Di Fiore}, L. and {Di Giovanni}, M. and {Di Lieto}, A. and {Di Pace}, S. and {Di Palma}, I. and {Di Virgilio}, A. and {Dojcinoski}, G. and {Dolique}, V. and {Donovan}, F. and {Dooley}, K.~L. and {Doravari}, S. and {Douglas}, R. and {Downes}, T.~P. and {Drago}, M. and {Drever}, R.~W.~P. and {Driggers}, J.~C. and {Du}, Z. and {Ducrot}, M. and {Dwyer}, S.~E. and {Edo}, T.~B. and {Edwards}, M.~C. and {Effler}, A. and {Eggenstein}, H. -B. and {Ehrens}, P. and {Eichholz}, J. and {Eikenberry}, S.~S. and {Engels}, W. and {Essick}, R.~C. and {Etzel}, T. and {Evans}, M. and {Evans}, T.~M. and {Everett}, R. and {Factourovich}, M. and {Fafone}, V. and {Fair}, H. and {Fairhurst}, S. and {Fan}, X. and {Fang}, Q. and {Farinon}, S. and {Farr}, B. and {Farr}, W.~M. and {Favata}, M. and {Fays}, M. and {Fehrmann}, H. and {Fejer}, M.~M. and {Feldbaum}, D. and {Ferrante}, I. and {Ferreira}, E.~C. and {Ferrini}, F. and {Fidecaro}, F. and {Finn}, L.~S. and {Fiori}, I. and {Fiorucci}, D. and {Fisher}, R.~P. and {Flaminio}, R. and {Fletcher}, M. and {Fong}, H. and {Fournier}, J. -D. and {Franco}, S. and {Frasca}, S. and {Frasconi}, F. and {Frede}, M. and {Frei}, Z. and {Freise}, A. and {Frey}, R. and {Frey}, V. and {Fricke}, T.~T. and {Fritschel}, P. and {Frolov}, V.~V. and {Fulda}, P. and {Fyffe}, M. and {Gabbard}, H.~A.~G. and {Gair}, J.~R. and {Gammaitoni}, L. and {Gaonkar}, S.~G. and {Garufi}, F. and {Gatto}, A. and {Gaur}, G. and {Gehrels}, N. and {Gemme}, G. and {Gendre}, B. and {Genin}, E. and {Gennai}, A. and {George}, J. and {Gergely}, L. and {Germain}, V. and {Ghosh}, Abhirup and {Ghosh}, Archisman and {Ghosh}, S. and {Giaime}, J.~A. and {Giardina}, K.~D. and {Giazotto}, A. and {Gill}, K. and {Glaefke}, A. and {Gleason}, J.~R. and {Goetz}, E. and {Goetz}, R. and {Gondan}, L. and {Gonz{\'a}lez}, G. and {Castro}, J.~M. Gonzalez and {Gopakumar}, A. and {Gordon}, N.~A. and {Gorodetsky}, M.~L. and {Gossan}, S.~E. and {Gosselin}, M. and {Gouaty}, R. and {Graef}, C. and {Graff}, P.~B. and {Granata}, M. and {Grant}, A. and {Gras}, S. and {Gray}, C. and {Greco}, G. and {Green}, A.~C. and {Greenhalgh}, R.~J.~S. and {Groot}, P. and {Grote}, H. and {Grunewald}, S. and {Guidi}, G.~M. and {Guo}, X. and {Gupta}, A. and {Gupta}, M.~K. and {Gushwa}, K.~E. and {Gustafson}, E.~K. and {Gustafson}, R. and {Hacker}, J.~J. and {Hall}, B.~R. and {Hall}, E.~D. and {Hammond}, G. and {Haney}, M. and {Hanke}, M.~M. and {Hanks}, J. and {Hanna}, C. and {Hannam}, M.~D. and {Hanson}, J. and {Hardwick}, T. and {Harms}, J. and {Harry}, G.~M. and {Harry}, I.~W. and {Hart}, M.~J. and {Hartman}, M.~T. and {Haster}, C. -J. and {Haughian}, K. and {Healy}, J. and {Heefner}, J. and {Heidmann}, A. and {Heintze}, M.~C. and {Heinzel}, G. and {Heitmann}, H. and {Hello}, P. and {Hemming}, G. and {Hendry}, M. and {Heng}, I.~S. and {Hennig}, J. and {Heptonstall}, A.~W. and {Heurs}, M. and {Hild}, S. and {Hoak}, D. and {Hodge}, K.~A. and {Hofman}, D. and {Hollitt}, S.~E. and {Holt}, K. and {Holz}, D.~E. and {Hopkins}, P. and {Hosken}, D.~J. and {Hough}, J. and {Houston}, E.~A. and {Howell}, E.~J. and {Hu}, Y.~M. and {Huang}, S. and {Huerta}, E.~A. and {Huet}, D. and {Hughey}, B. and {Husa}, S. and {Huttner}, S.~H. and {Huynh-Dinh}, T. and {Idrisy}, A. and {Indik}, N. and {Ingram}, D.~R. and {Inta}, R. and {Isa}, H.~N. and {Isac}, J. -M. and {Isi}, M. and {Islas}, G. and {Isogai}, T. and {Iyer}, B.~R. and {Izumi}, K. and {Jacobson}, M.~B. and {Jacqmin}, T. and {Jang}, H. and {Jani}, K. and {Jaranowski}, P. and {Jawahar}, S. and {Jim{\'e}nez-Forteza}, F. and {Johnson}, W.~W. and {Johnson-McDaniel}, N.~K. and {Jones}, D.~I. and {Jones}, R. and {Jonker}, R.~J.~G. and {Ju}, L. and {Haris}, K. and {Kalaghatgi}, C.~V. and {Kalogera}, V. and {Kandhasamy}, S. and {Kang}, G. and {Kanner}, J.~B. and {Karki}, S. and {Kasprzack}, M. and {Katsavounidis}, E. and {Katzman}, W. and {Kaufer}, S. and {Kaur}, T. and {Kawabe}, K. and {Kawazoe}, F. and {K{\'e}f{\'e}lian}, F. and {Kehl}, M.~S. and {Keitel}, D. and {Kelley}, D.~B. and {Kells}, W. and {Kennedy}, R. and {Keppel}, D.~G. and {Key}, J.~S. and {Khalaidovski}, A. and {Khalili}, F.~Y. and {Khan}, I. and {Khan}, S. and {Khan}, Z. and {Khazanov}, E.~A. and {Kijbunchoo}, N. and {Kim}, C. and {Kim}, J. and {Kim}, K. and {Kim}, Nam-Gyu and {Kim}, Namjun and {Kim}, Y. -M. and {King}, E.~J. and {King}, P.~J. and {Kinzel}, D.~L. and {Kissel}, J.~S. and {Kleybolte}, L. and {Klimenko}, S. and {Koehlenbeck}, S.~M. and {Kokeyama}, K. and {Koley}, S. and {Kondrashov}, V. and {Kontos}, A. and {Koranda}, S. and {Korobko}, M. and {Korth}, W.~Z. and {Kowalska}, I. and {Kozak}, D.~B. and {Kringel}, V. and {Krishnan}, B. and {Kr{\'o}lak}, A. and {Krueger}, C. and {Kuehn}, G. and {Kumar}, P. and {Kumar}, R. and {Kuo}, L. and {Kutynia}, A. and {Kwee}, P. and {Lackey}, B.~D. and {Landry}, M. and {Lange}, J. and {Lantz}, B. and {Lasky}, P.~D. and {Lazzarini}, A. and {Lazzaro}, C. and {Leaci}, P. and {Leavey}, S. and {Lebigot}, E.~O. and {Lee}, C.~H. and {Lee}, H.~K. and {Lee}, H.~M. and {Lee}, K. and {Lenon}, A. and {Leonardi}, M. and {Leong}, J.~R. and {Leroy}, N. and {Letendre}, N. and {Levin}, Y. and {Levine}, B.~M. and {Li}, T.~G.~F. and {Libson}, A. and {Littenberg}, T.~B. and {Lockerbie}, N.~A. and {Logue}, J. and {Lombardi}, A.~L. and {London}, L.~T. and {Lord}, J.~E. and {Lorenzini}, M. and {Loriette}, V. and {Lormand}, M. and {Losurdo}, G. and {Lough}, J.~D. and {Lousto}, C.~O. and {Lovelace}, G. and {L{\"u}ck}, H. and {Lundgren}, A.~P. and {Luo}, J. and {Lynch}, R. and {Ma}, Y. and {MacDonald}, T. and {Machenschalk}, B. and {MacInnis}, M. and {Macleod}, D.~M. and {Maga{\~n}a-Sandoval}, F. and {Magee}, R.~M. and {Mageswaran}, M. and {Majorana}, E. and {Maksimovic}, I. and {Malvezzi}, V. and {Man}, N. and {Mandel}, I. and {Mandic}, V. and {Mangano}, V. and {Mansell}, G.~L. and {Manske}, M. and {Mantovani}, M. and {Marchesoni}, F. and {Marion}, F. and {M{\'a}rka}, S. and {M{\'a}rka}, Z. and {Markosyan}, A.~S. and {Maros}, E. and {Martelli}, F. and {Martellini}, L. and {Martin}, I.~W. and {Martin}, R.~M. and {Martynov}, D.~V. and {Marx}, J.~N. and {Mason}, K. and {Masserot}, A. and {Massinger}, T.~J. and {Masso-Reid}, M. and {Matichard}, F. and {Matone}, L. and {Mavalvala}, N. and {Mazumder}, N. and {Mazzolo}, G. and {McCarthy}, R. and {McClelland}, D.~E. and {McCormick}, S. and {McGuire}, S.~C. and {McIntyre}, G. and {McIver}, J. and {McManus}, D.~J. and {McWilliams}, S.~T. and {Meacher}, D. and {Meadors}, G.~D. and {Meidam}, J. and {Melatos}, A. and {Mendell}, G. and {Mendoza-Gandara}, D. and {Mercer}, R.~A. and {Merilh}, E. and {Merzougui}, M. and {Meshkov}, S. and {Messenger}, C. and {Messick}, C. and {Meyers}, P.~M. and {Mezzani}, F. and {Miao}, H. and {Michel}, C. and {Middleton}, H. and {Mikhailov}, E.~E. and {Milano}, L. and {Miller}, J. and {Millhouse}, M. and {Minenkov}, Y. and {Ming}, J. and {Mirshekari}, S. and {Mishra}, C. and {Mitra}, S. and {Mitrofanov}, V.~P. and {Mitselmakher}, G. and {Mittleman}, R. and {Moggi}, A. and {Mohan}, M. and {Mohapatra}, S.~R.~P. and {Montani}, M. and {Moore}, B.~C. and {Moore}, C.~J. and {Moraru}, D. and {Moreno}, G. and {Morriss}, S.~R. and {Mossavi}, K. and {Mours}, B. and {Mow-Lowry}, C.~M. and {Mueller}, C.~L. and {Mueller}, G. and {Muir}, A.~W. and {Mukherjee}, Arunava and {Mukherjee}, D. and {Mukherjee}, S. and {Mukund}, N. and {Mullavey}, A. and {Munch}, J. and {Murphy}, D.~J. and {Murray}, P.~G. and {Mytidis}, A. and {Nardecchia}, I. and {Naticchioni}, L. and {Nayak}, R.~K. and {Necula}, V. and {Nedkova}, K. and {Nelemans}, G. and {Neri}, M. and {Neunzert}, A. and {Newton}, G. and {Nguyen}, T.~T. and {Nielsen}, A.~B. and {Nissanke}, S. and {Nitz}, A. and {Nocera}, F. and {Nolting}, D. and {Normandin}, M.~E.~N. and {Nuttall}, L.~K. and {Oberling}, J. and {Ochsner}, E. and {O'Dell}, J. and {Oelker}, E. and {Ogin}, G.~H. and {Oh}, J.~J. and {Oh}, S.~H. and {Ohme}, F. and {Oliver}, M. and {Oppermann}, P. and {Oram}, Richard J. and {O'Reilly}, B. and {O'Shaughnessy}, R. and {Ott}, C.~D. and {Ottaway}, D.~J. and {Ottens}, R.~S. and {Overmier}, H. and {Owen}, B.~J. and {Pai}, A. and {Pai}, S.~A. and {Palamos}, J.~R. and {Palashov}, O. and {Palomba}, C. and {Pal-Singh}, A. and {Pan}, H. and {Pan}, Y. and {Pankow}, C. and {Pannarale}, F. and {Pant}, B.~C. and {Paoletti}, F. and {Paoli}, A. and {Papa}, M.~A. and {Paris}, H.~R. and {Parker}, W. and {Pascucci}, D. and {Pasqualetti}, A. and {Passaquieti}, R. and {Passuello}, D. and {Patricelli}, B. and {Patrick}, Z. and {Pearlstone}, B.~L. and {Pedraza}, M. and {Pedurand}, R. and {Pekowsky}, L. and {Pele}, A. and {Penn}, S. and {Perreca}, A. and {Pfeiffer}, H.~P. and {Phelps}, M. and {Piccinni}, O. and {Pichot}, M. and {Pickenpack}, M. and {Piergiovanni}, F. and {Pierro}, V. and {Pillant}, G. and {Pinard}, L. and {Pinto}, I.~M. and {Pitkin}, M. and {Poeld}, J.~H. and {Poggiani}, R. and {Popolizio}, P. and {Post}, A. and {Powell}, J. and {Prasad}, J. and {Predoi}, V. and {Premachandra}, S.~S. and {Prestegard}, T. and {Price}, L.~R. and {Prijatelj}, M. and {Principe}, M. and {Privitera}, S. and {Prix}, R. and {Prodi}, G.~A. and {Prokhorov}, L. and {Puncken}, O. and {Punturo}, M. and {Puppo}, P. and {P{\"u}rrer}, M. and {Qi}, H. and {Qin}, J. and {Quetschke}, V. and {Quintero}, E.~A. and {Quitzow-James}, R. and {Raab}, F.~J. and {Rabeling}, D.~S. and {Radkins}, H. and {Raffai}, P. and {Raja}, S. and {Rakhmanov}, M. and {Ramet}, C.~R. and {Rapagnani}, P. and {Raymond}, V. and {Razzano}, M. and {Re}, V. and {Read}, J. and {Reed}, C.~M. and {Regimbau}, T. and {Rei}, L. and {Reid}, S. and {Reitze}, D.~H. and {Rew}, H. and {Reyes}, S.~D. and {Ricci}, F. and {Riles}, K. and {Robertson}, N.~A. and {Robie}, R. and {Robinet}, F. and {Rocchi}, A. and {Rolland}, L. and {Rollins}, J.~G. and {Roma}, V.~J. and {Romano}, J.~D. and {Romano}, R. and {Romanov}, G. and {Romie}, J.~H. and {Rosi{\'n}ska}, D. and {Rowan}, S. and {R{\"u}diger}, A. and {Ruggi}, P. and {Ryan}, K. and {Sachdev}, S. and {Sadecki}, T. and {Sadeghian}, L. and {Salconi}, L. and {Saleem}, M. and {Salemi}, F. and {Samajdar}, A. and {Sammut}, L. and {Sampson}, L.~M. and {Sanchez}, E.~J. and {Sandberg}, V. and {Sandeen}, B. and {Sanders}, G.~H. and {Sanders}, J.~R. and {Sassolas}, B. and {Sathyaprakash}, B.~S. and {Saulson}, P.~R. and {Sauter}, O. and {Savage}, R.~L. and {Sawadsky}, A. and {Schale}, P. and {Schilling}, R. and {Schmidt}, J. and {Schmidt}, P. and {Schnabel}, R. and {Schofield}, R.~M.~S. and {Sch{\"o}nbeck}, A. and {Schreiber}, E. and {Schuette}, D. and {Schutz}, B.~F. and {Scott}, J. and {Scott}, S.~M. and {Sellers}, D. and {Sengupta}, A.~S. and {Sentenac}, D. and {Sequino}, V. and {Sergeev}, A. and {Serna}, G. and {Setyawati}, Y. and {Sevigny}, A. and {Shaddock}, D.~A. and {Shaffer}, T. and {Shah}, S. and {Shahriar}, M.~S. and {Shaltev}, M. and {Shao}, Z. and {Shapiro}, B. and {Shawhan}, P. and {Sheperd}, A. and {Shoemaker}, D.~H. and {Shoemaker}, D.~M. and {Siellez}, K. and {Siemens}, X. and {Sigg}, D. and {Silva}, A.~D. and {Simakov}, D. and {Singer}, A. and {Singer}, L.~P. and {Singh}, A. and {Singh}, R. and {Singhal}, A. and {Sintes}, A.~M. and {Slagmolen}, B.~J.~J. and {Smith}, J.~R. and {Smith}, M.~R. and {Smith}, N.~D. and {Smith}, R.~J.~E. and {Son}, E.~J. and {Sorazu}, B. and {Sorrentino}, F. and {Souradeep}, T. and {Srivastava}, A.~K. and {Staley}, A. and {Steinke}, M. and {Steinlechner}, J. and {Steinlechner}, S. and {Steinmeyer}, D. and {Stephens}, B.~C. and {Stevenson}, S.~P. and {Stone}, R. and {Strain}, K.~A. and {Straniero}, N. and {Stratta}, G. and {Strauss}, N.~A. and {Strigin}, S. and {Sturani}, R. and {Stuver}, A.~L. and {Summerscales}, T.~Z. and {Sun}, L. and {Sutton}, P.~J. and {Swinkels}, B.~L. and {Szczepa{\'n}czyk}, M.~J. and {Tacca}, M. and {Talukder}, D. and {Tanner}, D.~B. and {T{\'a}pai}, M. and {Tarabrin}, S.~P. and {Taracchini}, A. and {Taylor}, R. and {Theeg}, T. and {Thirugnanasambandam}, M.~P. and {Thomas}, E.~G. and {Thomas}, M. and {Thomas}, P. and {Thorne}, K.~A. and {Thorne}, K.~S. and {Thrane}, E. and {Tiwari}, S. and {Tiwari}, V. and {Tokmakov}, K.~V. and {Tomlinson}, C. and {Tonelli}, M. and {Torres}, C.~V. and {Torrie}, C.~I. and {T{\"o}yr{\"a}}, D. and {Travasso}, F. and {Traylor}, G. and {Trifir{\`o}}, D. and {Tringali}, M.~C. and {Trozzo}, L. and {Tse}, M. and {Turconi}, M. and {Tuyenbayev}, D. and {Ugolini}, D. and {Unnikrishnan}, C.~S. and {Urban}, A.~L. and {Usman}, S.~A. and {Vahlbruch}, H. and {Vajente}, G. and {Valdes}, G. and {Vallisneri}, M. and {van Bakel}, N. and {van Beuzekom}, M. and {van den Brand}, J.~F.~J. and {Van Den Broeck}, C. and {Vander-Hyde}, D.~C. and {van der Schaaf}, L. and {van Heijningen}, J.~V. and {van Veggel}, A.~A. and {Vardaro}, M. and {Vass}, S. and {Vas{\'u}th}, M. and {Vaulin}, R. and {Vecchio}, A. and {Vedovato}, G. and {Veitch}, J. and {Veitch}, P.~J. and {Venkateswara}, K. and {Verkindt}, D. and {Vetrano}, F. and {Vicer{\'e}}, A. and {Vinciguerra}, S. and {Vine}, D.~J. and {Vinet}, J. -Y. and {Vitale}, S. and {Vo}, T. and {Vocca}, H. and {Vorvick}, C. and {Voss}, D. and {Vousden}, W.~D. and {Vyatchanin}, S.~P. and {Wade}, A.~R. and {Wade}, L.~E. and {Wade}, M. and {Waldman}, S.~J. and {Walker}, M. and {Wallace}, L. and {Walsh}, S. and {Wang}, G. and {Wang}, H. and {Wang}, M. and {Wang}, X. and {Wang}, Y. and {Ward}, H. and {Ward}, R.~L. and {Warner}, J. and {Was}, M. and {Weaver}, B. and {Wei}, L. -W. and {Weinert}, M. and {Weinstein}, A.~J. and {Weiss}, R. and {Welborn}, T. and {Wen}, L. and {We{\ss}els}, P. and {Westphal}, T. and {Wette}, K. and {Whelan}, J.~T. and {Whitcomb}, S.~E. and {White}, D.~J. and {Whiting}, B.~F. and {Wiesner}, K. and {Wilkinson}, C. and {Willems}, P.~A. and {Williams}, L. and {Williams}, R.~D. and {Williamson}, A.~R. and {Willis}, J.~L. and {Willke}, B. and {Wimmer}, M.~H. and {Winkelmann}, L. and {Winkler}, W. and {Wipf}, C.~C. and {Wiseman}, A.~G. and {Wittel}, H. and {Woan}, G. and {Worden}, J. and {Wright}, J.~L. and {Wu}, G. and {Yablon}, J. and {Yakushin}, I. and {Yam}, W. and {Yamamoto}, H. and {Yancey}, C.~C. and {Yap}, M.~J. and {Yu}, H. and {Yvert}, M. and {Zadro{\.Z}ny}, A. and {Zangrando}, L. and {Zanolin}, M. and {Zendri}, J. -P. and {Zevin}, M. and {Zhang}, F. and {Zhang}, L. and {Zhang}, M. and {Zhang}, Y. and {Zhao}, C. and {Zhou}, M. and {Zhou}, Z. and {Zhu}, X.~J. and {Zucker}, M.~E. and {Zuraw}, S.~E. and {Zweizig}, J. and {LIGO Scientific Collaboration} and {Virgo Collaboration}},
        title = "{Observation of gravitational waves from a binary black hole merger}",
      journal = {Phys. Rev. Lett.},
     keywords = {General Relativity and Quantum Cosmology, Astrophysics - High Energy Astrophysical Phenomena},
         year = 2016,
        month = feb,
       volume = {116},
       number = {6},
          eid = {061102},
        pages = {061102},
          doi = {10.1103/PhysRevLett.116.061102},
archivePrefix = {arXiv},
       eprint = {1602.03837},
 primaryClass = {gr-qc},
       adsurl = {https://ui.adsabs.harvard.edu/abs/2016PhRvL.116f1102A},
      adsnote = {Provided by the SAO/NASA Astrophysics Data System}
}

@article{massdistribution,
	author = {{Ghodla}, Sohan and {van Zeist}, Wouter G.~J. and {Eldridge}, J.~J. and {Stevance}, Heloise F. and {Stanway}, Elizabeth R.},
	title = {Predicting the LIGO/VIRGO O3a GW transient mass distributions with BPASS},
	year = "forthcoming"
}

@misc{lalsuite,
      author         = "{LIGO Scientific Collaboration}",
      title          = "{LIGO} {A}lgorithm {L}ibrary - {LALS}uite",
      howpublished   = "Free software (GPL)",
      doi            = "10.7935/GT1W-FZ16",
      year           = "2018"
}

@ARTICLE{imrphenom,
       author = {{Pratten}, Geraint and {Garc{\'i}a-Quir{\'o}s}, Cecilio and {Colleoni}, Marta and {Ramos-Buades}, Antoni and {Estell{\'e}s}, H{\'e}ctor and {Mateu-Lucena}, Maite and {Jaume}, Rafel and {Haney}, Maria and {Keitel}, David and {Thompson}, Jonathan E. and {Husa}, Sascha},
        title = "{Let's twist again: Computationally efficient models for the dominant and sub-dominant harmonic modes of precessing binary black holes}",
      journal = {arXiv e-prints},
     keywords = {General Relativity and Quantum Cosmology},
         year = 2020,
        month = apr,
          eid = {arXiv:2004.06503},
        pages = {arXiv:2004.06503},
archivePrefix = {arXiv},
       eprint = {2004.06503},
 primaryClass = {gr-qc},
       adsurl = {https://ui.adsabs.harvard.edu/abs/2020arXiv200406503P},
      adsnote = {Provided by the SAO/NASA Astrophysics Data System}
}

@ARTICLE{seobnr,
       author = {{Ossokine}, Serguei and {Buonanno}, Alessandra and {Marsat}, Sylvain and {Cotesta}, Roberto and {Babak}, Stanislav and {Dietrich}, Tim and {Haas}, Roland and {Hinder}, Ian and {Pfeiffer}, Harald P. and {P{\"u}rrer}, Michael and {Woodford}, Charles J. and {Boyle}, Michael and {Kidder}, Lawrence E. and {Scheel}, Mark A. and {Szil{\'a}gyi}, B{\'e}la},
        title = "{Multipolar effective-one-body waveforms for precessing binary black holes: Construction and validation}",
      journal = {Phys. Rev. D},
     keywords = {General Relativity and Quantum Cosmology},
         year = 2020,
        month = aug,
       volume = {102},
       number = {4},
          eid = {044055},
        pages = {044055},
          doi = {10.1103/PhysRevD.102.044055},
archivePrefix = {arXiv},
       eprint = {2004.09442},
 primaryClass = {gr-qc},
       adsurl = {https://ui.adsabs.harvard.edu/abs/2020PhRvD.102d4055O},
      adsnote = {Provided by the SAO/NASA Astrophysics Data System}
}
