@Misc{Tèst,
  author =    {John Smith},
  title =     {Title A},
}

@Misc{Tést,
  author =    {Mary Poppins},
  title =     {Title B},
}

@Misc{Têst,
  author =    {Albert Einstein},
  title =     {Title C},
}
