@misc{Thornton_2020,
  doi = {10.3334/ORNLDAAC/1840},
  url = {https://daac.ornl.gov/cgi-bin/dsviewer.pl?ds_id=1840},
  author = {Thornton, M.M. and Shrestha, R. and Wei, Y. and Thornton, P.E. and Kao, S. and Wilson, B.E.},
  keywords = {ATMOSPHERE, ATMOSPHERIC WATER VAPOR, WATER VAPOR INDICATORS, VAPOR PRESSURE, ATMOSPHERE, ATMOSPHERIC TEMPERATURE, SURFACE TEMPERATURE, MAXIMUM/MINIMUM TEMPERATURE, ATMOSPHERE, PRECIPITATION, SNOW WATER EQUIVALENT,, ATMOSPHERE, PRECIPITATION, PRECIPITATION AMOUNT, 24 HOUR PRECIPITATION AMOUNT, ATMOSPHERE, ATMOSPHERIC RADIATION, SHORTWAVE RADIATION,, Environmental Modeling, Computer, Canada, USA, Hawaii, Puerto Rico, precipitation, snow water equivalent, vapor pressure, temperature, daily surface weather},
  language = {en},
  title = {Daymet: Daily Surface Weather Data on a 1-km Grid for North America, Version 4},
  publisher = {ORNL Distributed Active Archive Center},
  year = {2020}
}

@misc{Thatcher_2020,
	doi = {10.3133/fs20193051},
	url = {https://doi.org/10.3133%2Ffs20193051},
	year = 2020,
	publisher = {{US} Geological Survey},
	author = {Cindy A. Thatcher and Vicki Lukas and Jason M. Stoker},
	title = {The 3D Elevation Program and energy for the Nation}
}

@misc{Buto_2020,
	doi = {10.3133/fs20203033},
	url = {https://doi.org/10.3133%2Ffs20203033},
	year = 2020,
	publisher = {{US} Geological Survey},
	author = {Susan G. Buto and Rebecca D. Anderson},
	title = {{NHDPlus} High Resolution ({NHDPlus} {HR})---A hydrography framework for the Nation}
}
