@article{testkey,
author = {Some Author},
title = {The Title},
journal = {The Journal}
}
