@Misc{Test,
  author =    {Mr. Äppl\'e},
  title =     {Test},
}
