% entries taken from http://shelah.logic.at/eindex.html %%%%%%

@article{Sh:1,
author = {Shelah, Saharon},
ams-subject = {(02.50)},
journal = {Israel Journal of Mathematics},
review = {MR 40-7102},
pages = {187--202},
title = {{Stable theories}},
volume = {7},
year = {1969},
},

@article{Sh:2,
author = {Shelah, Saharon},
ams-subject = {(05.04)},
journal = {Journal of Combinatorial Theory},
review = {MR 39-2652},
pages = {298--300},
title = {{Note on a min-max problem of Leo Moser}},
volume = {6},
year = {1969},
},

@article{Sh:3,
author = {Shelah, Saharon},
ams-subject = {(02.50)},
journal = {Annals of Mathematical Logic},
review = {MR 44-2593},
pages = {69--118},
title = {{Finite diagrams stable in power}},
volume = {2},
year = {1970},
},

@article{Sh:4,
author = {Shelah, Saharon},
ams-subject = {(02.50)},
journal = {Journal of Symbolic Logic},
review = {MR 44-52},
pages = {73--82},
title = {{On theories $T$ categorical in $|T|$}},
volume = {35},
year = {1970},
},

@article{Sh:5,
author = {Shelah, Saharon},
ams-subject = {(02.35)},
journal = {Israel Journal of Mathematics},
review = {MR 41-6674},
pages = {75--79},
title = {{On languages with non-homogeneous strings of quantifiers}},
volume = {8},
year = {1970},
},

@article{Sh:6,
author = {Shelah, Saharon},
ams-subject = {(02.50)},
journal = {Pacific Journal of Mathematics},
review = {MR 42-2932},
pages = {541--545},
title = {{A note on Hanf numbers}},
volume = {34},
year = {1970},
},

@article{Sh:7,
author = {Shelah, Saharon},
ams-subject = {(02H13)},
journal = {Journal of Symbolic Logic},
review = {MR 48:3735},
pages = {83--84},
title = {{On the cardinality of ultraproduct of finite sets}},
volume = {35},
year = {1970},
},

@article{Sh:8,
author = {Shelah, Saharon},
ams-subject = {(02H05)},
journal = {Israel Journal of Mathematics},
review = {MR 46:1581},
pages = {193--198},
title = {{Two cardinal compactness}},
volume = {9},
year = {1971},
},

@article{Sh:9,
author = {Shelah, Saharon},
ams-subject = {(02.52)},
journal = {Annals of Mathematical Logic},
review = {MR 44-56},
pages = {441--447},
title = {{Remark to ``local definability theory'' of Reyes}},
volume = {2},
year = {1970},
},

@article{Sh:10,
author = {Shelah, Saharon},
ams-subject = {(02H05)},
journal = {Annals of Mathematical Logic},
review = {MR 47:6475},
pages = {271--362},
title = {{Stability, the f.c.p., and superstability; model theoretic
 properties of formulas in first order theory}},
volume = {3},
year = {1971},
},

@article{Sh:11,
author = {Shelah, Saharon},
ams-subject = {(02.50)},
journal = {Pacific Journal of Mathematics},
review = {MR 44-2594},
pages = {811--818},
title = {{On the number of non-almost isomorphic models of $T$ in a
 power}},
volume = {36},
year = {1971},
},

@article{Sh:12,
author = {Shelah, Saharon},
ams-subject = {(02.50)},
journal = {Israel Journal of Mathematics},
review = {MR 43-4652},
pages = {473--487},
title = {{The number of non-isomorphic models of an unstable first-order
 theory}},
volume = {9},
year = {1971},
},

@article{Sh:13,
author = {Shelah, Saharon},
ams-subject = {(02H99)},
journal = {Israel Journal of Mathematics},
review = {MR 45:6608},
pages = {224--233},
title = {{Every two elementarily equivalent models have isomorphic
 ultrapowers}},
volume = {10},
year = {1971},
},

@article{Sh:14,
author = {Shelah, Saharon},
ams-subject = {(02H99)},
journal = {Annals of Mathematical Logic},
review = {MR 45:3187},
pages = {75--114},
title = {{Saturation of ultrapowers and Keisler's order}},
volume = {4},
year = {1972},
},

@article{Sh:15,
author = {Shelah, Saharon},
ams-subject = {(02H05)},
journal = {Journal of Symbolic Logic},
review = {MR 47:4787},
pages = {107--113},
title = {{Uniqueness and characterization of prime models over sets for
 totally transcendental first-order theories}},
volume = {37},
year = {1972},
},

@article{Sh:16,
author = {Shelah, Saharon},
ams-subject = {(02H10)},
journal = {Pacific Journal of Mathematics},
review = {MR 46:7018},
pages = {247--261},
title = {{A combinatorial problem; stability and order for models	and
 theories in infinitary languages}},
volume = {41},
year = {1972},
},

@article{Sh:17,
author = {Shelah, Saharon},
ams-subject = {(02H13)},
journal = {Israel Journal of Mathematics},
review = {MR 46:3292},
pages = {23--31},
title = {{For what filters is every reduced product saturated?}},
volume = {12},
year = {1972},
},

@article{Sh:18,
author = {Shelah, Saharon},
ams-subject = {(02H13)},
journal = {Journal of Symbolic Logic},
review = {MR 56:5272},
pages = {247--267},
title = {{On models with power-like orderings}},
volume = {37},
year = {1972},
},

@article{ErSh:19,
author = {Erdos, Paul and Shelah, Saharon},
trueauthor = {Erd\H{o}s, Paul and Shelah, Saharon},
ams-subject = {(04A20)},
journal = {Israel Journal of Mathematics},
review = {MR 47:8312},
pages = {207--214},
title = {{Separability properties of almost-disjoint families of sets}},
volume = {12},
year = {1972},
},

@article{ScSh:20,
author = {Schmerl, James H. and Shelah, Saharon},
ams-subject = {(02H05)},
journal = {Journal of Symbolic Logic},
review = {MR 47:6474},
pages = {531--537},
title = {{On power-like models for hyperinaccessible cardinals}},
volume = {37},
year = {1972},
},

@incollection{ErSh:21,
author = {Erdos, Paul and Shelah, Saharon},
trueauthor = {Erd\H{o}s, Paul and Shelah, Saharon},
booktitle = {Graph theory and applications (Proc. Conf., Western
 Michigan Univ., Kalamazoo, Mich., 1972; dedicated to the memory of J.
 W. T. Youngs)},
ams-subject = {(05A15)},
review = {MR 49:2415},
pages = {75--79},
publisher = {Springer, Berlin},
series = {Lecture Notes in Mathematics},
title = {{On problems of Moser and Hanson}},
volume = {303},
year = {1972},
},

@article{Sh:22,
author = {Shelah, Saharon},
ams-subject = {(02H10)},
journal = {Proceedings of the American Mathematical Society},
review = {MR 45:3188},
pages = {509--514},
title = {{A note on model complete models and generic models}},
volume = {34},
year = {1972},
},

@article{GlSh:23,
author = {Galvin, Fred and Shelah, Saharon},
ams-subject = {(04A20)},
journal = {Journal of Combinatorial Theory. Ser. A},
review = {MR 48:8240},
pages = {167--174},
title = {{Some Counterexamples in the Partition Calculus}},
volume = {15},
year = {1973},
},

@article{Sh:24,
author = {Shelah, Saharon},
ams-subject = {(02H15)},
journal = {Israel Journal of Mathematics},
review = {MR 54:4972},
pages = {149--162},
title = {{First order theory of permutation groups}},
volume = {14},
year = {1973},
},

@article{Sh:25,
author = {Shelah, Saharon},
fromwhere = {IL},
journal = {Israel Journal of Mathematics},
pages = {437--441},
title = {{Errata to: First order theory of permutation groups}},
volume = {15},
year = {1973},
},

@article{Sh:26,
author = {Shelah, Saharon},
ams-subject = {(04A20)},
journal = {Israel Journal of Mathematics},
review = {MR 48:5864},
pages = {262--277},
title = {{Notes on combinatorial set theory}},
volume = {14},
year = {1973},
},

@article{MoSh:27,
author = {Moran, Gadi and Shelah, Saharon},
ams-subject = {(90D05)},
journal = {Israel Journal of Mathematics},
review = {MR 47:10084},
pages = {442--449},
title = {{Size direction games over the real line. III}},
volume = {14},
year = {1973},
},

@article{Sh:28,
author = {Shelah, Saharon},
ams-subject = {(02B15)},
journal = {Israel Journal of Mathematics},
review = {MR 49:20},
pages = {282--300},
title = {{There are just four second-order quantifiers}},
volume = {15},
year = {1973},
},

@article{Sh:29,
author = {Shelah, Saharon},
ams-subject = {(05A05)},
journal = {Journal of Combinatorial Theory. Ser. A},
review = {MR 48:10824},
pages = {199--208},
title = {{A substitute for Hall's theorem for families with infinite
 sets}},
volume = {16},
year = {1974},
},

@incollection{MzSh:30,
author = {McKenzie, Ralph and Shelah, Saharon},
booktitle = {Proceedings of the Tarski Symposium (Univ. California,
 Berkeley, Calif., 1971)},
ams-subject = {(02H15)},
review = {MR 50:12711},
pages = {53--74},
publisher = {Amer. Math. Soc., Providence, R.I},
series = {Proc. Sympos. Pure Math.},
title = {{The cardinals of simple models for universal theories}},
volume = {XXV},
year = {1974},
},
