@manual{ABC_R1,
  author       = {xyz},
  title        = {{ABC}},
  edition      = {1st},
  year         = {2019}
}
@manual{ABC_R2,
  author       = {xyz},
  title        = {{ABC}},
  edition      = {2nd},
  year         = {2019}
}
