% Encoding: UTF-8
@article{Ali2018,
   author = {Ali, I. and Cao, S. and Naeimi, V. and Paulik, C. and Wagner, W.},
   title = {Methods to Remove the Border Noise From Sentinel-1 Synthetic Aperture Radar Data: Implications and Importance For Time-Series Analysis},
   journal = {IEEE Journal of Selected Topics in Applied Earth Observations and Remote Sensing},
   volume = {11},
   number = {3},
   pages = {777-786},
   DOI = {10.1109/Jstars.2017.2787650},
   year = {2018},
   type = {Journal Article}
}

@article{Small2011,
   author = {Small, D.},
   title = {Flattening Gamma: Radiometric Terrain Correction for SAR Imagery},
   journal = {IEEE Transactions on Geoscience and Remote Sensing},
   volume = {49},
   number = {8},
   pages = {3081-3093},
   DOI = {10.1109/Tgrs.2011.2120616},
   year = {2011},
   type = {Journal Article}
}

@inproceedings{Truckenbrodt2019,
   author = {Truckenbrodt, J. and Cremer, F. and Baris, I. and Eberle, J.},
   title = {pyroSAR: A Framework for Large-Scale SAR Satellite Data Processing},
   booktitle = {Big Data from Space},
   editor = {Soille, P. and Loekken, S. and Albani, S.},
   address = {Luxembourg},
   publisher = {Publications Office of the European Union},
   pages = {197-200},
   ISBN = {ISBN 978-92-76-00034-1},
   DOI = {10.2760/848593},
   year = {2019},
   type = {Conference Proceedings}
}

@article{Truckenbrodt2019a,
   author = {Truckenbrodt, J. and Freemantle, T. and Williams, C. and Jones, T. and Small, D. and Dubois, C. and Thiel, C. and Rossi, C. and Syriou, A. and Giuliani, G.},
   title = {Towards Sentinel-1 SAR Analysis-Ready Data: A Best Practices Assessment on Preparing Backscatter Data for the Cube},
   journal = {Data},
   volume = {4},
   number = {3},
   ISSN = {2306-5729},
   DOI = {10.3390/data4030093},
   year = {2019},
   type = {Journal Article}
}
